<?xml version="1.0" encoding="UTF-8"?>
<SOAP-ENV:Envelope xmlns:SOAP-ENV="http://schemas.xmlsoap.org/soap/envelope/" xmlns:marcx="info:lc/xmlns/marcxchange-v1" xmlns:of="http://oss.dbc.dk/ns/openformat"><SOAP-ENV:Body><of:formatResponse><marcx:collection><marcx:record format="danMARC2" type="Bibliographic"><marcx:leader>00000n    2200000   4500</marcx:leader><marcx:datafield ind1="0" ind2="0" tag="001"><marcx:subfield code="a">EDZ0000172596</marcx:subfield><marcx:subfield code="b">WorldCat</marcx:subfield><marcx:subfield code="c">20140508113009</marcx:subfield><marcx:subfield code="d">20131107</marcx:subfield><marcx:subfield code="f">a</marcx:subfield></marcx:datafield><marcx:datafield ind1="0" ind2="0" tag="004"><marcx:subfield code="r">n</marcx:subfield><marcx:subfield code="a">e</marcx:subfield></marcx:datafield><marcx:datafield ind1="0" ind2="0" tag="008"><marcx:subfield code="t">m</marcx:subfield><marcx:subfield code="a">2002</marcx:subfield><marcx:subfield code="b">gb</marcx:subfield><marcx:subfield code="d">y</marcx:subfield><marcx:subfield code="w">1</marcx:subfield><marcx:subfield code="l">eng</marcx:subfield><marcx:subfield code="v">0</marcx:subfield></marcx:datafield><marcx:datafield ind1="0" ind2="0" tag="009"><marcx:subfield code="a">a</marcx:subfield><marcx:subfield code="g">xe</marcx:subfield><marcx:subfield code="b">t</marcx:subfield></marcx:datafield><marcx:datafield ind1="0" ind2="0" tag="021"><marcx:subfield code="e">9780199891573</marcx:subfield><marcx:subfield code="b">ebook</marcx:subfield><marcx:subfield code="d">No price</marcx:subfield></marcx:datafield><marcx:datafield ind1="0" ind2="0" tag="050"><marcx:subfield code="a">PE1670</marcx:subfield></marcx:datafield><marcx:datafield ind1="0" ind2="0" tag="082"><marcx:subfield code="a">422.403</marcx:subfield><marcx:subfield code="c">23</marcx:subfield></marcx:datafield><marcx:datafield ind1="0" ind2="0" tag="100"><marcx:subfield code="a">Speake</marcx:subfield><marcx:subfield code="h">Jennifer</marcx:subfield></marcx:datafield><marcx:datafield ind1="0" ind2="0" tag="245"><marcx:subfield code="a">The Oxford essential dictionary of foreign terms in English</marcx:subfield><marcx:subfield code="e">Jennifer Speake and Mark LaFlaur</marcx:subfield></marcx:datafield><marcx:datafield ind1="0" ind2="0" tag="260"><marcx:subfield code="a">[Oxford]</marcx:subfield><marcx:subfield code="b">Oxford University Press</marcx:subfield><marcx:subfield code="c">2002, </marcx:subfield></marcx:datafield><marcx:datafield ind1="0" ind2="0" tag="264"><marcx:subfield code="a">[Oxford]</marcx:subfield><marcx:subfield code="b">Oxford University Press</marcx:subfield><marcx:subfield code="c">2002</marcx:subfield><marcx:subfield code="f">1</marcx:subfield></marcx:datafield><marcx:datafield ind1="0" ind2="0" tag="300"><marcx:subfield code="a">1 online resource</marcx:subfield></marcx:datafield><marcx:datafield ind1="0" ind2="0" tag="336"><marcx:subfield code="a">text</marcx:subfield><marcx:subfield code="2">rdacontent</marcx:subfield></marcx:datafield><marcx:datafield ind1="0" ind2="0" tag="337"><marcx:subfield code="a">computer</marcx:subfield><marcx:subfield code="2">rdamedia</marcx:subfield></marcx:datafield><marcx:datafield ind1="0" ind2="0" tag="338"><marcx:subfield code="a">online resource</marcx:subfield><marcx:subfield code="2">rdacarrier</marcx:subfield></marcx:datafield><marcx:datafield ind1="0" ind2="0" tag="504"><marcx:subfield code="a">Summary: This comprehensive reference includes detailed information on the spelling, history, and usage of thousands of foreign words and phrases used by English speakers. There are words from more than forty languages, including Arabic, Chinese, Dutch, Latin, Portuguese, Spanish, and Yiddish. Terms from cooking, fashion, and music jostle with others from fine arts, history, law, politics, business, and travel in this great reference to words from around the globe</marcx:subfield></marcx:datafield><marcx:datafield ind1="0" ind2="0" tag="539"><marcx:subfield code="a">Description based on online resource; title from home page (viewed on November 7, 2013)</marcx:subfield></marcx:datafield><marcx:datafield ind1="0" ind2="0" tag="650"><marcx:subfield code="a">English language</marcx:subfield><marcx:subfield code="x">Foreign words and phrases</marcx:subfield><marcx:subfield code="v">Dictionaries</marcx:subfield><marcx:subfield code="2">2</marcx:subfield></marcx:datafield><marcx:datafield ind1="0" ind2="0" tag="700"><marcx:subfield code="a">LaFlaur</marcx:subfield><marcx:subfield code="h">Mark</marcx:subfield></marcx:datafield><marcx:datafield ind1="0" ind2="0" tag="745"><marcx:subfield code="i">Portion of title</marcx:subfield><marcx:subfield code="a">Foreign terms in English</marcx:subfield></marcx:datafield><marcx:datafield ind1="0" ind2="0" tag="856"><marcx:subfield code="u">http://www.oxfordreference.com/view/10.1093/acref/9780199891573.001.0001/acref-9780199891573</marcx:subfield><marcx:subfield code="z"/></marcx:datafield></marcx:record></marcx:collection></of:formatResponse></SOAP-ENV:Body></SOAP-ENV:Envelope>
